@book{oliveira2006writing,
  title={Writing Scientific Software: a guide to good style},
  author={Oliveira, Suely and Stewart, David E},
  year={2006},
  publisher={Cambridge University Press}
}

@book{gibbs2006computation,
  title={Computation in modern physics},
  author={Gibbs, William R},
  year={2006},
  publisher={World Scientific Publishing Company}
}

@misc{freitas2020tiger,
	title={Evaluating Graph Vulnerability and Robustness using TIGER}, 
	author={Scott Freitas and Duen Horng Chau},
	year={2020},
	eprint={2006.05648},
	archivePrefix={arXiv},
	primaryClass={cs.SI}
}

@article{xu2020connectome,
  title={A connectome of the adult drosophila central brain},
  author={Xu, C Shan and Januszewski, Michal and Lu, Zhiyuan and Takemura, Shin-ya and Hayworth, Kenneth and Huang, Gary and Shinomiya, Kazunori and Maitin-Shepard, Jeremy and Ackerman, David and Berg, Stuart and others},
  journal={BioRxiv},
  year={2020},
  publisher={Cold Spring Harbor Laboratory}
}

@techreport{hagberg2008exploring,
  title={Exploring network structure, dynamics, and function using NetworkX},
  author={Hagberg, Aric and Swart, Pieter and S Chult, Daniel},
  year={2008},
  institution={Los Alamos National Lab.(LANL), Los Alamos, NM (United States)}
}